@article{ren2014,
  author    = {X. Ren and L. Lyu},
  title     = {A Review of Methods for Ranking Important Nodes in Networks}, 
  journal   = {Chinese Science Bulletin},
  year      = {2014},
  volume    = {2014},
  number    = {13},
  pages     = {23}
}

@inproceedings{zhang2017,
  author    = {J. Zhang and Y. Luo},
  title     = {Degree centrality, betweenness centrality, and closeness centrality in social network},
  booktitle = {2017 2nd international conference on modelling, simulation and applied mathematics (MSAM2017)},
  year      = {2017},
  pages     = {300--303},
  publisher = {Atlantis press}
}

@inproceedings{bergamini2014,
  author    = {E. Bergamini and H. Meyerhenke and C. L. Staudt},
  title     = {Approximating betweenness centrality in large evolving networks},
  booktitle = {2015 Proceedings of the Seventeenth Workshop on Algorithm Engineering and Experiments (ALENEX)},
  year      = {2014},
  pages     = {133--146},
  publisher = {Society for Industrial and Applied Mathematics}
}

@article{maji2020,
  author    = {G. Maji and S. Mandal and S. Sen},
  title     = {A systematic survey on influential spreaders identification in complex networks with a focus on K-shell based techniques},
  journal   = {Expert Systems with Applications},
  year      = {2020},
  volume    = {161},
  pages     = {113681}
}

@article{tortosa2021,
  author    = {L. Tortosa and J. F. Vicent and G. Yeghikyan},
  title     = {An algorithm for ranking the nodes of multiplex networks with data based on the PageRank concept},
  journal   = {Applied Mathematics and Computation},
  year      = {2021},
  volume    = {392},
  pages     = {125676}
}

@article{hamdouch2014,
  author    = {Y. Hamdouch and W. Y. Szeto and Y. J. Jiang},
  title     = {A new schedule-based transit assignment model with travel strategies and supply uncertainties},
  journal   = {Journal of Transportation},
  year      = {2014},
  volume    = {67},
  pages     = {35-67}
}

@article{gao2004,
  author    = {Z. Y. Gao and H. J. Sun and L. L. Shan},
  title     = {A continuous equilibrium network design model and algorithm for transit systems},
  journal   = {Transportation Research Part B},
  year      = {2004},
  volume    = {38},
  number    = {3},
  pages     = {235-250}
}

@misc{mdba,
	author = {},
	title = {{R}esident {P}opulation in {B}altimore {C}ity, {M}{D} --- fred.stlouisfed.org},
	howpublished = {\url{https://fred.stlouisfed.org/series/MDBALT5POP}},
	year = {},
	note = {[Accessed 27-01-2025]},
}

@misc{gdpa,
	author = {},
	title = {{G}ross {D}omestic {P}roduct: {A}ll {I}ndustries in {B}altimore {C}ity, {M}{D} --- fred.stlouisfed.org},
	howpublished = {\url{https://fred.stlouisfed.org/series/GDPALL24510}},
	year = {},
	note = {[Accessed 27-01-2025]},
}

@misc{aboutus,
	author = {},
	title = {{A}bout {U}s --- baltimore.org},
	howpublished = {\url{https://baltimore.org/about-us/}},
	year = {},
	note = {[Accessed 27-01-2025]},
}

@article{Vincent1991,
  title={Watersheds in Digital Spaces: An Efficient Algorithm Based on Immersion Simulations},
  author={Luc M. Vincent and Pierre Soille},
  journal={IEEE Trans. Pattern Anal. Mach. Intell.},
  year={1991},
  volume={13},
  pages={583-598},
  url={https://api.semanticscholar.org/CorpusID:15436061}
}

@article{Jacobson1988,
  author = {Jacobson, V.},
  title = {Congestion avoidance and control},
  journal = {ACM SIGCOMM Computer Communication Review},
  volume = {18},
  number = {4},
  pages = {314--329},
  year = {1988}
}